@article{bib1, 
  author={Peniche-Camps, Salvador and Cortez-Huerta, Mauro},
  title={La costumbre al envenenamiento: El caso de los contaminantes atmosféricos de la ciudad de {G}uadalajara, {M}éxico}, 
  volume={54}, 
  DOI={10.15359/rca.54-2.1}, 
  number={2}, 
  journal={Revista de Ciencias Ambientales}, 
  year={2020}, 
  month={jul.}, 
  pages={1-19}
}

@article{bib2, 
  title={Asociación entre mortalidad por Covid-19 y contaminación atmosférica en ciudades mexicanas: }, 
  volume={63}, 
  url={https://saludpublica.mx/index.php/spm/article/view/12355},
  DOI={10.21149/12355}, 
  number={4}, 
  journal={Salud Pública de México}, 
  author={Cabrera-Cano, Ángel Arturo and Cruz-de la Cruz, Julio César and Gloria-Alvarado, Ana Berenice and Álamo-Hernández, Urinda and Riojas-Rodríguez, Horacio}, 
  year={2021}, 
  month={may}, 
  pages={470-477} 
 }

@article{bib3,
  title={Ley org{\'a}nica de salud},
  author={De Salud, Ley Org{\'a}nica},
  journal={Ley Org{\'a}nica de Salud:},
  url = {https://www.salud.gob.ec/tag/ley-organicade-salud},
  year={2012}
}

@book{bib4,
  title={Contaminaci{\'o}n atmosf{\'e}rica},
  author={Ataz, Ernesto Mart{\'\i}nez and de Mera Morales, Yolanda D{\'\i}az},
  volume={45},
  year={2004},
  publisher={Univ de Castilla La Mancha}
}

@article{bib5,
  title={An Improved Performance Degradation Radar Chart and Its Applications to Prognostics and Health Management},
  author={Wang, Zhi-yang and Lan, Chen and Zhang, Yong-xin and others},
  journal={DEStech Transactions on Materials Science and Engineering},
  number={msce},
  year={2016}
}

@book{bib6,
  title={Manual de toxicolog{\'\i}a b{\'a}sica},
  author={Rodr{\'\i}guez, Emilio Menc{\'\i}as and Franco, Luis Manuel Mayero},
  year={2000},
  publisher={Ediciones D{\'\i}az de Santos}
}

@misc{python,
  author = {{Python Software Foundation}},
  year = 2021,
  title = {python},
  url = {https://www.python.org/}
}

@misc{jupyter,
  author = {{Proyecto Jupyter}},
  year = 2021,
  title = {Jupyter Notebook},
  url = {https://jupyter.org}
}
